@book{audinDamian,
      AUTHOR = {Audin, Mich\`ele and Damian, Mihai},
     TITLE = {Morse theory and {F}loer homology},
    SERIES = {Universitext},
      NOTE = {Translated from the 2010 French original by Reinie Ern\'{e}},
 PUBLISHER = {Springer, London; EDP Sciences, Les Ulis},
      YEAR = {2014},
     PAGES = {xiv-596},
      ISBN = {978-1-4471-5495-2},
   MRCLASS = {53-02 (53D40 58E05)},
  MRNUMBER = {3155456},
MRREVIEWER = {Sonja Hohloch},
       DOI = {10.1007/978-1-4471-5496-9},
       URL = {https://doi-org.stanford.idm.oclc.org/10.1007/978-1-4471-5496-9},
}

@misc{dw,
      title={Counting embedded curves in symplectic 6-manifolds}, 
      author={Aleksander Doan and Thomas Walpuski},
      year={2019},
      eprint={1910.12338},
      archivePrefix={arXiv},
      primaryClass={math.SG}
}

@misc{skeins,
      title={Skeins on Branes}, 
      author={Tobias Ekholm and Vivek Shende},
      year={2021},
      eprint={1901.08027},
      archivePrefix={arXiv},
      primaryClass={math.SG}
}

@article{ortn,
   title={The orientability problem in open Gromov–Witten theory},
   volume={17},
   ISSN={1465-3060},
   url={http://dx.doi.org/10.2140/gt.2013.17.2485},
   DOI={10.2140/gt.2013.17.2485},
   number={4},
   journal={Geometry \& Topology},
   publisher={Mathematical Sciences Publishers},
   author={Georgieva, Penka},
   year={2013},
   month={8},
   pages={2485–2512}
}

@misc{splitting,
      title={Splitting formulas for the local real Gromov-Witten invariants}, 
      author={Penka Georgieva and Eleny-Nicoleta Ionel},
      year={2021},
      eprint={2005.05928},
      archivePrefix={arXiv},
      primaryClass={math.SG},
      note={Preprint}
}

@book{harris,
	AUTHOR = {Harris, Joe and Morrison, Ian},
     TITLE = {Moduli of curves},
    SERIES = {Graduate Texts in Mathematics},
    VOLUME = {187},
 PUBLISHER = {Springer-Verlag, New York},
      YEAR = {1998},
     PAGES = {xiv-366},
      ISBN = {0-387-98438-0},
   MRCLASS = {14H10 (14-02 14D20 14D22)},
  MRNUMBER = {1631825},
MRREVIEWER = {R. F. Lax},
}

@misc{gv,
      AUTHOR = {Ionel, Eleny-Nicoleta and Parker, Thomas H.},
     TITLE = {The {G}opakumar-{V}afa formula for symplectic manifolds},
   JOURNAL = {Ann. of Math. (2)},
  FJOURNAL = {Annals of Mathematics. Second Series},
    VOLUME = {187},
      YEAR = {2018},
    NUMBER = {1},
     PAGES = {1--64},
      ISSN = {0003-486X},
   MRCLASS = {53D45},
  MRNUMBER = {3739228},
MRREVIEWER = {Xiaobin Li},
       DOI = {10.4007/annals.2018.187.1.1},
       URL = {https://doi-org.stanford.idm.oclc.org/10.4007/annals.2018.187.1.1},
}

@article{katzLiu,
   title={Enumerative geometry of stable maps with Lagrangian boundary conditions and multiple covers of the disc},
   ISSN={1464-8997},
   url={http://dx.doi.org/10.2140/gtm.2006.8.1},
   DOI={10.2140/gtm.2006.8.1},
   journal={The interaction of finite-type and Gromov--Witten
invariants (BIRS 2003)},
   publisher={Mathematical Sciences Publishers},
   author={Katz, Sheldon and Liu, Chiu-Chu Melissa},
   year={2006},
   month={4}
}

@phdthesis{liu,
AUTHOR = {Liu, Chiu-Chu Melissa},
     TITLE = {Moduli of {J}-holomorphic curves with {L}agrangian boundary
              conditions},
      NOTE = {Thesis (Ph.D.)--Harvard University},
      SCHOOL = {Harvard University},
 PUBLISHER = {ProQuest LLC, Ann Arbor, MI},
      YEAR = {2002},
     PAGES = {151},
      ISBN = {978-0493-65757-8},
   MRCLASS = {Thesis},
  MRNUMBER = {2703393},
       URL =
              {http://gateway.proquest.com.stanford.idm.oclc.org/openurl?url_ver=Z39.88-2004&rft_val_fmt=info:ofi/fmt:kev:mtx:dissertation&res_dat=xri:pqdiss&rft_dat=xri:pqdiss:3051225},
}

@misc{maslov,
      title={Maslov class rigidity for Lagrangian submanifolds via Hofer's geometry}, 
      author={Ely Kerman and Nil \.{I}. \c{S}irik\c{c}i},
      year={2008},
      eprint={0808.1422},
      archivePrefix={arXiv},
      primaryClass={math.SG}
}

@book{msBig,
      AUTHOR = {McDuff, Dusa and Salamon, Dietmar},
     TITLE = {{$J$}-holomorphic curves and symplectic topology},
    SERIES = {American Mathematical Society Colloquium Publications},
    VOLUME = {52},
   EDITION = {Second},
 PUBLISHER = {American Mathematical Society, Providence, RI},
      YEAR = {2012},
     PAGES = {xiv-726},
      ISBN = {978-0-8218-8746-2},
   MRCLASS = {53D45 (32Q65 53D35)},
  MRNUMBER = {2954391},
MRREVIEWER = {Mark Alan Branson},
}

@incollection {mumford,
    AUTHOR = {Mumford, David},
     TITLE = {Towards an enumerative geometry of the moduli space of curves},
 BOOKTITLE = {Arithmetic and geometry, {V}ol. {II}},
    SERIES = {Progr. Math.},
    VOLUME = {36},
     PAGES = {271--328},
 PUBLISHER = {Birkh\"{a}user Boston, Boston, MA},
      YEAR = {1983},
   MRCLASS = {14H10 (14C15)},
  MRNUMBER = {717614},
MRREVIEWER = {Werner Kleinert},
}

@article{niuZinger,
      AUTHOR = {Niu, Jingchen and Zinger, Aleksey},
     TITLE = {Lower bounds for enumerative counts of positive-genus real
              curves},
   JOURNAL = {Adv. Math.},
  FJOURNAL = {Advances in Mathematics},
    VOLUME = {339},
      YEAR = {2018},
     PAGES = {191--247},
      ISSN = {0001-8708},
   MRCLASS = {14N35 (53D45)},
  MRNUMBER = {3866896},
MRREVIEWER = {Hsian-Hua Tseng},
       DOI = {10.1016/j.aim.2018.09.024},
       URL = {https://doi-org.stanford.idm.oclc.org/10.1016/j.aim.2018.09.024},
}

@article{pand,
   title={Hodge Integrals and Degenerate Contributions},
   volume={208},
   ISSN={1432-0916},
   url={http://dx.doi.org/10.1007/s002200050766},
   DOI={10.1007/s002200050766},
   number={2},
   journal={Communications in Mathematical Physics},
   publisher={Springer Science and Business Media LLC},
   author={Pandharipande, R.},
   year={1999},
   month={12},
   pages={489–506}
}

@article{rt,
author = {Yongbin Ruan and Gang Tian},
title = {{A mathematical theory of quantum cohomology}},
volume = {42},
journal = {Journal of Differential Geometry},
number = {2},
publisher = {Lehigh University},
pages = {259 -- 367},
year = {1995},
doi = {10.4310/jdg/1214457234},
URL = {https://doi.org/10.4310/jdg/1214457234}
}

@book{wendl,
      AUTHOR = {Wendl, Chris},
     TITLE = {Holomorphic curves in low dimensions},
    SERIES = {Lecture Notes in Mathematics},
    VOLUME = {2216},
      NOTE = {From symplectic ruled surfaces to planar contact manifolds},
 PUBLISHER = {Springer, Cham},
      YEAR = {2018},
     PAGES = {xiii-292},
      ISBN = {978-3-319-91369-8},
   MRCLASS = {57R17 (32Q65)},
  MRNUMBER = {3821526},
MRREVIEWER = {Richard Keith Hind},
       DOI = {10.1007/978-3-319-91371-1},
       URL = {https://doi-org.stanford.idm.oclc.org/10.1007/978-3-319-91371-1},
}

@misc{zingerOb,
      title={A Comparison Theorem for Gromov-Witten Invariants in the Symplectic Category}, 
      author={A. Zinger},
      year={2010},
      eprint={0807.0805},
      archivePrefix={arXiv},
      primaryClass={math.SG}
}

@misc{zingerRT,
      title={Real Ruan-Tian Perturbations}, 
      author={A. Zinger},
      year={2017},
      eprint={1701.01420},
      archivePrefix={arXiv},
      primaryClass={math.SG}
}

